@misc{mull_cs320,
  author       = {Nathan Mull},
  title        = {CS320: Concepts of Programming Languages},
  year         = {2025},
  howpublished = {Lecture notes, Boston University, Spring Semester},
  note         = {Boston University, CS Department}
}
@misc{WikipediaTypingEnvironment,
  author = {Wikipedia contributors},
  title  = {Typing environment --- Wikipedia{,} The Free Encyclopedia},
  year   = {2023},
  url    = {https://en.wikipedia.org/wiki/Typing_environment},
  note   = {Accessed: 2023-10-01}
}

@misc{wiki:rule_of_inference,
  author = {{Wikipedia contributors}},
  title  = {{Rule of inference --- Wikipedia{,} The Free Encyclopedia}},
  year   = {2025},
  url    = {https://en.wikipedia.org/wiki/Rule_of_inference},
  note   = {[Online; accessed 22-January-2025]}
}

@misc{CS4110Lecture17,
  author       = {Cornell University},
  title        = {Fixed-Point Combinators},
  year         = {2020},
  howpublished = {Lecture Notes},
  url          = {https://www.cs.cornell.edu/courses/cs4110/2020fa/lectures/lecture17.pdf}
}


